<?xml version="1.0" encoding="UTF-8"?><collection xmlns="http://www.loc.gov/MARC21/slim"><record><leader>00450nam--2200169-i-4500</leader><controlfield tag="001">000001499</controlfield><controlfield tag="002">20161230</controlfield><controlfield tag="005">20161230201024</controlfield><controlfield tag="008">060222s1000------------r-----000-0-eng-d</controlfield><datafield ind1=" " ind2=" " tag="040"><subfield code="a">IFIN-HH</subfield></datafield><datafield ind1=" " ind2=" " tag="080"><subfield code="a">519.23</subfield></datafield><datafield ind1="1" ind2=" " tag="100"><subfield code="a">Fraser,D.A.S</subfield></datafield><datafield ind1="1" ind2="0" tag="245"><subfield code="a">Inference and linear models</subfield><subfield code="c">D.A.S. Fraser</subfield></datafield><datafield ind1=" " ind2=" " tag="260"><subfield code="a">New York, Mcgraw-hill International Book Company, 1979</subfield></datafield><datafield ind1=" " ind2=" " tag="300"><subfield code="a">XII + 297 P</subfield></datafield><datafield ind1=" " ind2=" " tag="852"><subfield code="a">49457</subfield><subfield code="c">519.2</subfield></datafield><datafield ind1=" " ind2=" " tag="CAT"><subfield code="a">Sys</subfield><subfield code="c">20100608</subfield><subfield code="h">100450</subfield></datafield></record></collection>